%YAML 1.1
%TAG !u! tag:unity3d.com,2011:
--- !u!29 &1
OcclusionCullingSettings:
  m_ObjectHideFlags: 0
  serializedVersion: 2
  m_OcclusionBakeSettings:
    smallestOccluder: 5
    smallestHole: 0.25
    backfaceThreshold: 100
  m_SceneGUID: 00000000000000000000000000000000
  m_OcclusionCullingData: {fileID: 0}
--- !u!104 &2
RenderSettings:
  m_ObjectHideFlags: 0
  serializedVersion: 9
  m_Fog: 0
  m_FogColor: {r: 0.5, g: 0.5, b: 0.5, a: 1}
  m_FogMode: 3
  m_FogDensity: 0.01
  m_LinearFogStart: 0
  m_LinearFogEnd: 300
  m_AmbientSkyColor: {r: 0.212, g: 0.227, b: 0.259, a: 1}
  m_AmbientEquatorColor: {r: 0.114, g: 0.125, b: 0.133, a: 1}
  m_AmbientGroundColor: {r: 0.047, g: 0.043, b: 0.035, a: 1}
  m_AmbientIntensity: 1
  m_AmbientMode: 0
  m_SubtractiveShadowColor: {r: 0.42, g: 0.478, b: 0.627, a: 1}
  m_SkyboxMaterial: {fileID: 10304, guid: 0000000000000000f000000000000000, type: 0}
  m_HaloStrength: 0.5
  m_FlareStrength: 1
  m_FlareFadeSpeed: 3
  m_HaloTexture: {fileID: 0}
  m_SpotCookie: {fileID: 10001, guid: 0000000000000000e000000000000000, type: 0}
  m_DefaultReflectionMode: 0
  m_DefaultReflectionResolution: 128
  m_ReflectionBounces: 1
  m_ReflectionIntensity: 1
  m_CustomReflection: {fileID: 0}
  m_Sun: {fileID: 0}
  m_IndirectSpecularColor: {r: 0.44657898, g: 0.4964133, b: 0.5748178, a: 1}
  m_UseRadianceAmbientProbe: 0
--- !u!157 &3
LightmapSettings:
  m_ObjectHideFlags: 0
  serializedVersion: 12
  m_GIWorkflowMode: 1
  m_GISettings:
    serializedVersion: 2
    m_BounceScale: 1
    m_IndirectOutputScale: 1
    m_AlbedoBoost: 1
    m_EnvironmentLightingMode: 0
    m_EnableBakedLightmaps: 1
    m_EnableRealtimeLightmaps: 0
  m_LightmapEditorSettings:
    serializedVersion: 12
    m_Resolution: 2
    m_BakeResolution: 40
    m_AtlasSize: 1024
    m_AO: 0
    m_AOMaxDistance: 1
    m_CompAOExponent: 1
    m_CompAOExponentDirect: 0
    m_ExtractAmbientOcclusion: 0
    m_Padding: 2
    m_LightmapParameters: {fileID: 0}
    m_LightmapsBakeMode: 1
    m_TextureCompression: 1
    m_FinalGather: 0
    m_FinalGatherFiltering: 1
    m_FinalGatherRayCount: 256
    m_ReflectionCompression: 2
    m_MixedBakeMode: 2
    m_BakeBackend: 1
    m_PVRSampling: 1
    m_PVRDirectSampleCount: 32
    m_PVRSampleCount: 512
    m_PVRBounces: 2
    m_PVREnvironmentSampleCount: 256
    m_PVREnvironmentReferencePointCount: 2048
    m_PVRFilteringMode: 1
    m_PVRDenoiserTypeDirect: 1
    m_PVRDenoiserTypeIndirect: 1
    m_PVRDenoiserTypeAO: 1
    m_PVRFilterTypeDirect: 0
    m_PVRFilterTypeIndirect: 0
    m_PVRFilterTypeAO: 0
    m_PVREnvironmentMIS: 1
    m_PVRCulling: 1
    m_PVRFilteringGaussRadiusDirect: 1
    m_PVRFilteringGaussRadiusIndirect: 5
    m_PVRFilteringGaussRadiusAO: 2
    m_PVRFilteringAtrousPositionSigmaDirect: 0.5
    m_PVRFilteringAtrousPositionSigmaIndirect: 2
    m_PVRFilteringAtrousPositionSigmaAO: 1
    m_ExportTrainingData: 0
    m_TrainingDataDestination: TrainingData
    m_LightProbeSampleCountMultiplier: 4
  m_LightingDataAsset: {fileID: 0}
  m_LightingSettings: {fileID: 0}
--- !u!196 &4
NavMeshSettings:
  serializedVersion: 2
  m_ObjectHideFlags: 0
  m_BuildSettings:
    serializedVersion: 2
    agentTypeID: 0
    agentRadius: 0.5
    agentHeight: 2
    agentSlope: 45
    agentClimb: 0.4
    ledgeDropHeight: 0
    maxJumpAcrossDistance: 0
    minRegionArea: 2
    manualCellSize: 0
    cellSize: 0.16666667
    manualTileSize: 0
    tileSize: 256
    accuratePlacement: 0
    maxJobWorkers: 0
    preserveTilesOutsideBounds: 0
    debug:
      m_Flags: 0
  m_NavMeshData: {fileID: 0}
--- !u!1 &178922412
GameObject:
  m_ObjectHideFlags: 0
  m_CorrespondingSourceObject: {fileID: 0}
  m_PrefabInstance: {fileID: 0}
  m_PrefabAsset: {fileID: 0}
  serializedVersion: 6
  m_Component:
  - component: {fileID: 178922416}
  - component: {fileID: 178922415}
  - component: {fileID: 178922414}
  - component: {fileID: 178922413}
  m_Layer: 0
  m_Name: Plane
  m_TagString: Untagged
  m_Icon: {fileID: 0}
  m_NavMeshLayer: 0
  m_StaticEditorFlags: 0
  m_IsActive: 1
--- !u!64 &178922413
MeshCollider:
  m_ObjectHideFlags: 0
  m_CorrespondingSourceObject: {fileID: 0}
  m_PrefabInstance: {fileID: 0}
  m_PrefabAsset: {fileID: 0}
  m_GameObject: {fileID: 178922412}
  m_Material: {fileID: 0}
  m_IsTrigger: 0
  m_Enabled: 1
  serializedVersion: 4
  m_Convex: 0
  m_CookingOptions: 30
  m_Mesh: {fileID: 10209, guid: 0000000000000000e000000000000000, type: 0}
--- !u!23 &178922414
MeshRenderer:
  m_ObjectHideFlags: 0
  m_CorrespondingSourceObject: {fileID: 0}
  m_PrefabInstance: {fileID: 0}
  m_PrefabAsset: {fileID: 0}
  m_GameObject: {fileID: 178922412}
  m_Enabled: 1
  m_CastShadows: 1
  m_ReceiveShadows: 1
  m_DynamicOccludee: 1
  m_MotionVectors: 1
  m_LightProbeUsage: 1
  m_ReflectionProbeUsage: 1
  m_RayTracingMode: 2
  m_RayTraceProcedural: 0
  m_RenderingLayerMask: 1
  m_RendererPriority: 0
  m_Materials:
  - {fileID: 10303, guid: 0000000000000000f000000000000000, type: 0}
  m_StaticBatchInfo:
    firstSubMesh: 0
    subMeshCount: 0
  m_StaticBatchRoot: {fileID: 0}
  m_ProbeAnchor: {fileID: 0}
  m_LightProbeVolumeOverride: {fileID: 0}
  m_ScaleInLightmap: 1
  m_ReceiveGI: 1
  m_PreserveUVs: 0
  m_IgnoreNormalsForChartDetection: 0
  m_ImportantGI: 0
  m_StitchLightmapSeams: 1
  m_SelectedEditorRenderState: 3
  m_MinimumChartSize: 4
  m_AutoUVMaxDistance: 0.5
  m_AutoUVMaxAngle: 89
  m_LightmapParameters: {fileID: 0}
  m_SortingLayerID: 0
  m_SortingLayer: 0
  m_SortingOrder: 0
  m_AdditionalVertexStreams: {fileID: 0}
--- !u!33 &178922415
MeshFilter:
  m_ObjectHideFlags: 0
  m_CorrespondingSourceObject: {fileID: 0}
  m_PrefabInstance: {fileID: 0}
  m_PrefabAsset: {fileID: 0}
  m_GameObject: {fileID: 178922412}
  m_Mesh: {fileID: 10209, guid: 0000000000000000e000000000000000, type: 0}
--- !u!4 &178922416
Transform:
  m_ObjectHideFlags: 0
  m_CorrespondingSourceObject: {fileID: 0}
  m_PrefabInstance: {fileID: 0}
  m_PrefabAsset: {fileID: 0}
  m_GameObject: {fileID: 178922412}
  m_LocalRotation: {x: 0, y: 0, z: 0, w: 1}
  m_LocalPosition: {x: 0, y: 0, z: 0}
  m_LocalScale: {x: 1, y: 1, z: 1}
  m_Children: []
  m_Father: {fileID: 0}
  m_RootOrder: 3
  m_LocalEulerAnglesHint: {x: 0, y: 0, z: 0}
--- !u!1001 &200508496
PrefabInstance:
  m_ObjectHideFlags: 0
  serializedVersion: 2
  m_Modification:
    m_TransformParent: {fileID: 526223697}
    m_Modifications:
    - target: {fileID: 112276, guid: d9809c5e8418bb047bf2c8ba1d1a2cec, type: 3}
      propertyPath: m_Name
      value: OVRControllerPrefab
      objectReference: {fileID: 0}
    - target: {fileID: 488160, guid: d9809c5e8418bb047bf2c8ba1d1a2cec, type: 3}
      propertyPath: m_RootOrder
      value: 2
      objectReference: {fileID: 0}
    - target: {fileID: 488160, guid: d9809c5e8418bb047bf2c8ba1d1a2cec, type: 3}
      propertyPath: m_LocalPosition.x
      value: 0
      objectReference: {fileID: 0}
    - target: {fileID: 488160, guid: d9809c5e8418bb047bf2c8ba1d1a2cec, type: 3}
      propertyPath: m_LocalPosition.y
      value: 0
      objectReference: {fileID: 0}
    - target: {fileID: 488160, guid: d9809c5e8418bb047bf2c8ba1d1a2cec, type: 3}
      propertyPath: m_LocalPosition.z
      value: 0
      objectReference: {fileID: 0}
    - target: {fileID: 488160, guid: d9809c5e8418bb047bf2c8ba1d1a2cec, type: 3}
      propertyPath: m_LocalRotation.w
      value: 1
      objectReference: {fileID: 0}
    - target: {fileID: 488160, guid: d9809c5e8418bb047bf2c8ba1d1a2cec, type: 3}
      propertyPath: m_LocalRotation.x
      value: -0
      objectReference: {fileID: 0}
    - target: {fileID: 488160, guid: d9809c5e8418bb047bf2c8ba1d1a2cec, type: 3}
      propertyPath: m_LocalRotation.y
      value: -0
      objectReference: {fileID: 0}
    - target: {fileID: 488160, guid: d9809c5e8418bb047bf2c8ba1d1a2cec, type: 3}
      propertyPath: m_LocalRotation.z
      value: -0
      objectReference: {fileID: 0}
    - target: {fileID: 488160, guid: d9809c5e8418bb047bf2c8ba1d1a2cec, type: 3}
      propertyPath: m_LocalEulerAnglesHint.x
      value: 0
      objectReference: {fileID: 0}
    - target: {fileID: 488160, guid: d9809c5e8418bb047bf2c8ba1d1a2cec, type: 3}
      propertyPath: m_LocalEulerAnglesHint.y
      value: 0
      objectReference: {fileID: 0}
    - target: {fileID: 488160, guid: d9809c5e8418bb047bf2c8ba1d1a2cec, type: 3}
      propertyPath: m_LocalEulerAnglesHint.z
      value: 0
      objectReference: {fileID: 0}
    - target: {fileID: 11479374, guid: d9809c5e8418bb047bf2c8ba1d1a2cec, type: 3}
      propertyPath: m_controller
      value: 1
      objectReference: {fileID: 0}
    m_RemovedComponents: []
  m_SourcePrefab: {fileID: 100100000, guid: d9809c5e8418bb047bf2c8ba1d1a2cec, type: 3}
--- !u!114 &200508497 stripped
MonoBehaviour:
  m_CorrespondingSourceObject: {fileID: 11479374, guid: d9809c5e8418bb047bf2c8ba1d1a2cec, type: 3}
  m_PrefabInstance: {fileID: 200508496}
  m_PrefabAsset: {fileID: 0}
  m_GameObject: {fileID: 0}
  m_Enabled: 1
  m_EditorHideFlags: 0
  m_Script: {fileID: 11500000, guid: aed62bf3ae2456c408f247f96808ce96, type: 3}
  m_Name: 
  m_EditorClassIdentifier: 
--- !u!4 &526223697 stripped
Transform:
  m_CorrespondingSourceObject: {fileID: 482130, guid: 126d619cf4daa52469682f85c1378b4a, type: 3}
  m_PrefabInstance: {fileID: 582553224}
  m_PrefabAsset: {fileID: 0}
--- !u!1 &527366527
GameObject:
  m_ObjectHideFlags: 0
  m_CorrespondingSourceObject: {fileID: 0}
  m_PrefabInstance: {fileID: 0}
  m_PrefabAsset: {fileID: 0}
  serializedVersion: 6
  m_Component:
  - component: {fileID: 527366529}
  - component: {fileID: 527366528}
  - component: {fileID: 527366530}
  m_Layer: 0
  m_Name: ApplicationManager
  m_TagString: Untagged
  m_Icon: {fileID: 0}
  m_NavMeshLayer: 0
  m_StaticEditorFlags: 0
  m_IsActive: 1
--- !u!114 &527366528
MonoBehaviour:
  m_ObjectHideFlags: 0
  m_CorrespondingSourceObject: {fileID: 0}
  m_PrefabInstance: {fileID: 0}
  m_PrefabAsset: {fileID: 0}
  m_GameObject: {fileID: 527366527}
  m_Enabled: 1
  m_EditorHideFlags: 0
  m_Script: {fileID: 11500000, guid: 0214bbea2fb333f4796519c63a2e3dbc, type: 3}
  m_Name: 
  m_EditorClassIdentifier: 
  oVRCameraRig: {fileID: 582553227}
  oVRCamera: {fileID: 582553226}
  handL: {fileID: 200508497}
  handR: {fileID: 1077647950}
--- !u!4 &527366529
Transform:
  m_ObjectHideFlags: 0
  m_CorrespondingSourceObject: {fileID: 0}
  m_PrefabInstance: {fileID: 0}
  m_PrefabAsset: {fileID: 0}
  m_GameObject: {fileID: 527366527}
  m_LocalRotation: {x: 0, y: 0, z: 0, w: 1}
  m_LocalPosition: {x: 0, y: 0, z: 0}
  m_LocalScale: {x: 1, y: 1, z: 1}
  m_Children: []
  m_Father: {fileID: 0}
  m_RootOrder: 0
  m_LocalEulerAnglesHint: {x: 0, y: 0, z: 0}
--- !u!114 &527366530
MonoBehaviour:
  m_ObjectHideFlags: 0
  m_CorrespondingSourceObject: {fileID: 0}
  m_PrefabInstance: {fileID: 0}
  m_PrefabAsset: {fileID: 0}
  m_GameObject: {fileID: 527366527}
  m_Enabled: 1
  m_EditorHideFlags: 0
  m_Script: {fileID: 11500000, guid: e1eb22cadb2901c40b864620f83d3732, type: 3}
  m_Name: 
  m_EditorClassIdentifier: 
  playerPrefab: {fileID: 2018120977738387872, guid: f5d269bac9186ab428b0ce9f5985d5e7, type: 3}
--- !u!1001 &582553224
PrefabInstance:
  m_ObjectHideFlags: 0
  serializedVersion: 2
  m_Modification:
    m_TransformParent: {fileID: 0}
    m_Modifications:
    - target: {fileID: 100004, guid: 126d619cf4daa52469682f85c1378b4a, type: 3}
      propertyPath: m_Name
      value: OVRCameraRig
      objectReference: {fileID: 0}
    - target: {fileID: 400004, guid: 126d619cf4daa52469682f85c1378b4a, type: 3}
      propertyPath: m_RootOrder
      value: 2
      objectReference: {fileID: 0}
    - target: {fileID: 400004, guid: 126d619cf4daa52469682f85c1378b4a, type: 3}
      propertyPath: m_LocalPosition.x
      value: 0
      objectReference: {fileID: 0}
    - target: {fileID: 400004, guid: 126d619cf4daa52469682f85c1378b4a, type: 3}
      propertyPath: m_LocalPosition.y
      value: 0
      objectReference: {fileID: 0}
    - target: {fileID: 400004, guid: 126d619cf4daa52469682f85c1378b4a, type: 3}
      propertyPath: m_LocalPosition.z
      value: 0
      objectReference: {fileID: 0}
    - target: {fileID: 400004, guid: 126d619cf4daa52469682f85c1378b4a, type: 3}
      propertyPath: m_LocalRotation.w
      value: 1
      objectReference: {fileID: 0}
    - target: {fileID: 400004, guid: 126d619cf4daa52469682f85c1378b4a, type: 3}
      propertyPath: m_LocalRotation.x
      value: 0
      objectReference: {fileID: 0}
    - target: {fileID: 400004, guid: 126d619cf4daa52469682f85c1378b4a, type: 3}
      propertyPath: m_LocalRotation.y
      value: 0
      objectReference: {fileID: 0}
    - target: {fileID: 400004, guid: 126d619cf4daa52469682f85c1378b4a, type: 3}
      propertyPath: m_LocalRotation.z
      value: 0
      objectReference: {fileID: 0}
    - target: {fileID: 400004, guid: 126d619cf4daa52469682f85c1378b4a, type: 3}
      propertyPath: m_LocalEulerAnglesHint.x
      value: 0
      objectReference: {fileID: 0}
    - target: {fileID: 400004, guid: 126d619cf4daa52469682f85c1378b4a, type: 3}
      propertyPath: m_LocalEulerAnglesHint.y
      value: 0
      objectReference: {fileID: 0}
    - target: {fileID: 400004, guid: 126d619cf4daa52469682f85c1378b4a, type: 3}
      propertyPath: m_LocalEulerAnglesHint.z
      value: 0
      objectReference: {fileID: 0}
    - target: {fileID: 11400000, guid: 126d619cf4daa52469682f85c1378b4a, type: 3}
      propertyPath: _trackingOriginType
      value: 1
      objectReference: {fileID: 0}
    - target: {fileID: 4484591312116288, guid: 126d619cf4daa52469682f85c1378b4a, type: 3}
      propertyPath: m_LocalRotation.w
      value: 1
      objectReference: {fileID: 0}
    - target: {fileID: 4484591312116288, guid: 126d619cf4daa52469682f85c1378b4a, type: 3}
      propertyPath: m_LocalRotation.x
      value: 0
      objectReference: {fileID: 0}
    - target: {fileID: 4484591312116288, guid: 126d619cf4daa52469682f85c1378b4a, type: 3}
      propertyPath: m_LocalRotation.y
      value: 0
      objectReference: {fileID: 0}
    - target: {fileID: 4484591312116288, guid: 126d619cf4daa52469682f85c1378b4a, type: 3}
      propertyPath: m_LocalRotation.z
      value: 0
      objectReference: {fileID: 0}
    - target: {fileID: 4484591312116288, guid: 126d619cf4daa52469682f85c1378b4a, type: 3}
      propertyPath: m_LocalEulerAnglesHint.x
      value: 59.719
      objectReference: {fileID: 0}
    m_RemovedComponents: []
  m_SourcePrefab: {fileID: 100100000, guid: 126d619cf4daa52469682f85c1378b4a, type: 3}
--- !u!20 &582553226 stripped
Camera:
  m_CorrespondingSourceObject: {fileID: 2037080, guid: 126d619cf4daa52469682f85c1378b4a, type: 3}
  m_PrefabInstance: {fileID: 582553224}
  m_PrefabAsset: {fileID: 0}
--- !u!1 &582553227 stripped
GameObject:
  m_CorrespondingSourceObject: {fileID: 100004, guid: 126d619cf4daa52469682f85c1378b4a, type: 3}
  m_PrefabInstance: {fileID: 582553224}
  m_PrefabAsset: {fileID: 0}
--- !u!4 &826130391 stripped
Transform:
  m_CorrespondingSourceObject: {fileID: 487254, guid: 126d619cf4daa52469682f85c1378b4a, type: 3}
  m_PrefabInstance: {fileID: 582553224}
  m_PrefabAsset: {fileID: 0}
--- !u!1001 &1077647949
PrefabInstance:
  m_ObjectHideFlags: 0
  serializedVersion: 2
  m_Modification:
    m_TransformParent: {fileID: 826130391}
    m_Modifications:
    - target: {fileID: 112276, guid: d9809c5e8418bb047bf2c8ba1d1a2cec, type: 3}
      propertyPath: m_Name
      value: OVRControllerPrefab
      objectReference: {fileID: 0}
    - target: {fileID: 488160, guid: d9809c5e8418bb047bf2c8ba1d1a2cec, type: 3}
      propertyPath: m_RootOrder
      value: 2
      objectReference: {fileID: 0}
    - target: {fileID: 488160, guid: d9809c5e8418bb047bf2c8ba1d1a2cec, type: 3}
      propertyPath: m_LocalPosition.x
      value: 0
      objectReference: {fileID: 0}
    - target: {fileID: 488160, guid: d9809c5e8418bb047bf2c8ba1d1a2cec, type: 3}
      propertyPath: m_LocalPosition.y
      value: 0
      objectReference: {fileID: 0}
    - target: {fileID: 488160, guid: d9809c5e8418bb047bf2c8ba1d1a2cec, type: 3}
      propertyPath: m_LocalPosition.z
      value: 0
      objectReference: {fileID: 0}
    - target: {fileID: 488160, guid: d9809c5e8418bb047bf2c8ba1d1a2cec, type: 3}
      propertyPath: m_LocalRotation.w
      value: 1
      objectReference: {fileID: 0}
    - target: {fileID: 488160, guid: d9809c5e8418bb047bf2c8ba1d1a2cec, type: 3}
      propertyPath: m_LocalRotation.x
      value: -0
      objectReference: {fileID: 0}
    - target: {fileID: 488160, guid: d9809c5e8418bb047bf2c8ba1d1a2cec, type: 3}
      propertyPath: m_LocalRotation.y
      value: -0
      objectReference: {fileID: 0}
    - target: {fileID: 488160, guid: d9809c5e8418bb047bf2c8ba1d1a2cec, type: 3}
      propertyPath: m_LocalRotation.z
      value: -0
      objectReference: {fileID: 0}
    - target: {fileID: 488160, guid: d9809c5e8418bb047bf2c8ba1d1a2cec, type: 3}
      propertyPath: m_LocalEulerAnglesHint.x
      value: 0
      objectReference: {fileID: 0}
    - target: {fileID: 488160, guid: d9809c5e8418bb047bf2c8ba1d1a2cec, type: 3}
      propertyPath: m_LocalEulerAnglesHint.y
      value: 0
      objectReference: {fileID: 0}
    - target: {fileID: 488160, guid: d9809c5e8418bb047bf2c8ba1d1a2cec, type: 3}
      propertyPath: m_LocalEulerAnglesHint.z
      value: 0
      objectReference: {fileID: 0}
    - target: {fileID: 11479374, guid: d9809c5e8418bb047bf2c8ba1d1a2cec, type: 3}
      propertyPath: m_controller
      value: 2
      objectReference: {fileID: 0}
    m_RemovedComponents: []
  m_SourcePrefab: {fileID: 100100000, guid: d9809c5e8418bb047bf2c8ba1d1a2cec, type: 3}
--- !u!114 &1077647950 stripped
MonoBehaviour:
  m_CorrespondingSourceObject: {fileID: 11479374, guid: d9809c5e8418bb047bf2c8ba1d1a2cec, type: 3}
  m_PrefabInstance: {fileID: 1077647949}
  m_PrefabAsset: {fileID: 0}
  m_GameObject: {fileID: 0}
  m_Enabled: 1
  m_EditorHideFlags: 0
  m_Script: {fileID: 11500000, guid: aed62bf3ae2456c408f247f96808ce96, type: 3}
  m_Name: 
  m_EditorClassIdentifier: 
--- !u!1 &1344901510
GameObject:
  m_ObjectHideFlags: 0
  m_CorrespondingSourceObject: {fileID: 0}
  m_PrefabInstance: {fileID: 0}
  m_PrefabAsset: {fileID: 0}
  serializedVersion: 6
  m_Component:
  - component: {fileID: 1344901512}
  - component: {fileID: 1344901511}
  m_Layer: 0
  m_Name: Directional Light
  m_TagString: Untagged
  m_Icon: {fileID: 0}
  m_NavMeshLayer: 0
  m_StaticEditorFlags: 0
  m_IsActive: 1
--- !u!108 &1344901511
Light:
  m_ObjectHideFlags: 0
  m_CorrespondingSourceObject: {fileID: 0}
  m_PrefabInstance: {fileID: 0}
  m_PrefabAsset: {fileID: 0}
  m_GameObject: {fileID: 1344901510}
  m_Enabled: 1
  serializedVersion: 10
  m_Type: 1
  m_Shape: 0
  m_Color: {r: 1, g: 0.95686275, b: 0.8392157, a: 1}
  m_Intensity: 1
  m_Range: 10
  m_SpotAngle: 30
  m_InnerSpotAngle: 21.80208
  m_CookieSize: 10
  m_Shadows:
    m_Type: 2
    m_Resolution: -1
    m_CustomResolution: -1
    m_Strength: 1
    m_Bias: 0.05
    m_NormalBias: 0.4
    m_NearPlane: 0.2
    m_CullingMatrixOverride:
      e00: 1
      e01: 0
      e02: 0
      e03: 0
      e10: 0
      e11: 1
      e12: 0
      e13: 0
      e20: 0
      e21: 0
      e22: 1
      e23: 0
      e30: 0
      e31: 0
      e32: 0
      e33: 1
    m_UseCullingMatrixOverride: 0
  m_Cookie: {fileID: 0}
  m_DrawHalo: 0
  m_Flare: {fileID: 0}
  m_RenderMode: 0
  m_CullingMask:
    serializedVersion: 2
    m_Bits: 4294967295
  m_RenderingLayerMask: 1
  m_Lightmapping: 4
  m_LightShadowCasterMode: 0
  m_AreaSize: {x: 1, y: 1}
  m_BounceIntensity: 1
  m_ColorTemperature: 6570
  m_UseColorTemperature: 0
  m_BoundingSphereOverride: {x: 0, y: 0, z: 0, w: 0}
  m_UseBoundingSphereOverride: 0
  m_UseViewFrustumForShadowCasterCull: 1
  m_ShadowRadius: 0
  m_ShadowAngle: 0
--- !u!4 &1344901512
Transform:
  m_ObjectHideFlags: 0
  m_CorrespondingSourceObject: {fileID: 0}
  m_PrefabInstance: {fileID: 0}
  m_PrefabAsset: {fileID: 0}
  m_GameObject: {fileID: 1344901510}
  m_LocalRotation: {x: 0.40821788, y: -0.23456968, z: 0.10938163, w: 0.8754261}
  m_LocalPosition: {x: 0, y: 3, z: 0}
  m_LocalScale: {x: 1, y: 1, z: 1}
  m_Children: []
  m_Father: {fileID: 0}
  m_RootOrder: 1
  m_LocalEulerAnglesHint: {x: 50, y: -30, z: 0}
--- !u!1 &1894209921
GameObject:
  m_ObjectHideFlags: 0
  m_CorrespondingSourceObject: {fileID: 0}
  m_PrefabInstance: {fileID: 0}
  m_PrefabAsset: {fileID: 0}
  serializedVersion: 6
  m_Component:
  - component: {fileID: 1894209924}
  - component: {fileID: 1894209923}
  - component: {fileID: 1894209922}
  m_Layer: 0
  m_Name: Voice
  m_TagString: Untagged
  m_Icon: {fileID: 0}
  m_NavMeshLayer: 0
  m_StaticEditorFlags: 0
  m_IsActive: 1
--- !u!114 &1894209922
MonoBehaviour:
  m_ObjectHideFlags: 0
  m_CorrespondingSourceObject: {fileID: 0}
  m_PrefabInstance: {fileID: 0}
  m_PrefabAsset: {fileID: 0}
  m_GameObject: {fileID: 1894209921}
  m_Enabled: 1
  m_EditorHideFlags: 0
  m_Script: {fileID: 11500000, guid: 91175dcc15224463780e01a8a98b1b60, type: 3}
  m_Name: 
  m_EditorClassIdentifier: 
  logLevel: 2
  ignoreGlobalLogLevel: 0
  voiceDetection: 0
  voiceDetectionThreshold: 0.01
  voiceDetectionDelayMs: 500
  unityMicrophoneDevice: 
  photonMicrophoneDeviceId: -1
  interestGroup: 0
  debugEchoMode: 0
  reliableMode: 0
  encrypt: 0
  transmitEnabled: 1
  samplingRate: 24000
  frameDuration: 20000
  bitrate: 30000
  sourceType: 0
  microphoneType: 0
  audioClip: {fileID: 0}
  loopAudioClip: 1
  reactOnSystemChanges: 0
  autoStart: 1
  audioSessionParameters:
    Category: 4
    Mode: 0
    CategoryOptions: 0800000004000000
  useCustomAudioSessionParameters: 0
  audioSessionPresetIndex: 0
  nativeAndroidMicrophoneSettings:
    AcousticEchoCancellation: 0
    AutomaticGainControl: 0
    NoiseSuppression: 0
  recordOnlyWhenEnabled: 0
  skipDeviceChangeChecks: 0
  stopRecordingWhenPaused: 0
  useOnAudioFilterRead: 0
  trySamplingRateMatch: 0
  useMicrophoneTypeFallback: 1
  recordOnlyWhenJoined: 1
--- !u!114 &1894209923
MonoBehaviour:
  m_ObjectHideFlags: 0
  m_CorrespondingSourceObject: {fileID: 0}
  m_PrefabInstance: {fileID: 0}
  m_PrefabAsset: {fileID: 0}
  m_GameObject: {fileID: 1894209921}
  m_Enabled: 1
  m_EditorHideFlags: 0
  m_Script: {fileID: 11500000, guid: 81d9debcbaf99472bb70ffc2f99cb23f, type: 3}
  m_Name: 
  m_EditorClassIdentifier: 
  DisconnectAfterKeepAlive: 0
  KeepAliveInBackground: 60000
  ApplyDontDestroyOnLoad: 1
  logLevel: 1
  enableSupportLogger: 0
  updateInterval: 50
  runInBackground: 1
  statsResetInterval: 1000
  speakerPrefab: {fileID: 0}
  primaryRecorder: {fileID: 1894209922}
  globalRecordersLogLevel: 1
  globalSpeakersLogLevel: 1
  globalPlaybackDelay: -1
  globalPlaybackDelaySettings:
    MinDelaySoft: 200
    MaxDelaySoft: 400
    MaxDelayHard: 1000
  Settings:
    AppIdRealtime: 
    AppIdFusion: 
    AppIdChat: 
    AppIdVoice: 
    AppVersion: 
    UseNameServer: 1
    FixedRegion: 
    Server: 
    Port: 0
    ProxyServer: 
    Protocol: 0
    EnableProtocolFallback: 1
    AuthMode: 0
    EnableLobbyStatistics: 0
    NetworkLogging: 1
  ShowSettings: 1
  MinimalTimeScaleToDispatchInFixedUpdate: -1
  AutoCreateSpeakerIfNotFound: 1
  MaxDatagrams: 3
  SendAsap: 0
  AutoConnectAndJoin: 1
  AutoLeaveAndDisconnect: 1
  WorkInOfflineMode: 1
  usePunAppSettings: 1
  usePunAuthValues: 1
--- !u!4 &1894209924
Transform:
  m_ObjectHideFlags: 0
  m_CorrespondingSourceObject: {fileID: 0}
  m_PrefabInstance: {fileID: 0}
  m_PrefabAsset: {fileID: 0}
  m_GameObject: {fileID: 1894209921}
  m_LocalRotation: {x: 0, y: 0, z: 0, w: 1}
  m_LocalPosition: {x: 0.15094407, y: 0.9467238, z: -0.065343626}
  m_LocalScale: {x: 1, y: 1, z: 1}
  m_Children: []
  m_Father: {fileID: 0}
  m_RootOrder: 4
  m_LocalEulerAnglesHint: {x: 0, y: 0, z: 0}
